@article{scikit-learn,
 title={Scikit-learn: Machine Learning in {P}ython},
 author={Pedregosa, F. and Varoquaux, G. and Gramfort, A. and Michel, V.
         and Thirion, B. and Grisel, O. and Blondel, M. and Prettenhofer, P.
         and Weiss, R. and Dubourg, V. and Vanderplas, J. and Passos, A. and
         Cournapeau, D. and Brucher, M. and Perrot, M. and Duchesnay, E.},
 journal={Journal of Machine Learning Research},
 volume={12},
 pages={2825--2830},
 year={2011}
}

@Misc{scipy,
  author =    {Eric Jones and Travis Oliphant and Pearu Peterson and others},
  title =     {{SciPy}: Open source scientific tools for {Python}},
  year =      {2001--},
  url = "http://www.scipy.org/",
  note = {[Online; accessed 2017-12-9]}
}

@Article{Goloborodko2013,
    author="Goloborodko, Anton A.
        and Levitsky, Lev I.
        and Ivanov, Mark V.
        and Gorshkov, Mikhail V.",
    title="Pyteomics---a Python Framework for Exploratory Data Analysis and Rapid Software Prototyping in Proteomics",
    journal="Journal of The American Society for Mass Spectrometry",
    year="2013",
    month="Feb",
    day="01",
    volume="24",
    number="2",
    pages="301--304",
    issn="1879-1123",
    doi="10.1007/s13361-012-0516-6",
    url="https://doi.org/10.1007/s13361-012-0516-6"
}

@article{novak2009,
    author = {Novák, Jiří and Hoksza, David},
    year = {2009},
    month = {05},
    title = {An application of the metric access methods to the mass spectrometry data}
}
